@BOOK{Gamma2004,
	AUTHOR = {Gamma, Erich AND Helm, Richard AND Johnson, Ralph AND Vlissides, John},
	YEAR = {2004},
	TITLE = {Entwurfsmuster - Elemente wiederverwendbarer objektorientierter Software},
	EDITION = {1. Aufl.},
	ISBN = {978-3-827-32199-2},
	PUBLISHER = {Pearson Deutschland GmbH},
	ADDRESS = {Muenchen},
}

@BOOK{Broy2014,
	AUTHOR = {Broy, Manfred AND Denert, Ernst},
	YEAR = {2014},
	TITLE = {Software Pioneers - Contributions to Software Engineering},
	EDITION = {Softcover reprint of the original 1st ed. 2002},
	ISBN = {978-3-642-63970-8},
	PUBLISHER = {Springer Berlin Heidelberg},
	ADDRESS = {Wiesbaden},
}

@BOOK{Alexander1979,
	AUTHOR = {Alexander, Christopher},
	YEAR = {1979},
	TITLE = {The Timeless Way of Building},
	EDITION = {},
	ISBN = {978-0-195-02402-9},
	PUBLISHER = {Oxford University Press},
	ADDRESS = {New York},
}

@BOOK{Alexander1977,
	AUTHOR = {Alexander, Christopher},
	YEAR = {1977},
	TITLE = {A Pattern Language - Towns, Buildings, Construction},
	EDITION = {},
	ISBN = {978-0-195-01919-3},
	PUBLISHER = {OUP USA},
	ADDRESS = {New York},
}

@BOOK{Alexander1975,
	AUTHOR = {Alexander, Christopher},
	YEAR = {1975},
	TITLE = {The Oregon Experiment},
	EDITION = {},
	ISBN = {978-0-195-01824-0},
	PUBLISHER = {Oxford University Press},
	ADDRESS = {New York},
}
@Article{Gamma1993,
	author =       "Erich Gamma and Richard Helm and Ralph Johnson and
				 John Vlissides",
	title =        "Design Patterns: Abstraction and Reuse of
				 Object-Oriented Design",
	journal =      j-LECT-NOTES-COMP-SCI,
	volume =       "707",
	pages =        "406--431",
	year =         "1993",
	CODEN =        "LNCSD9",
	ISSN =         "0302-9743 (print), 1611-3349 (electronic)",
	ISSN-L =       "0302-9743",
	bibdate =      "Tue Feb 5 11:48:40 MST 2002",
	bibsource =    "http://link.springer-ny.com/link/service/series/0558/tocs/t0707.htm;
				 http://www.math.utah.edu/pub/tex/bib/lncs1993.bib",
	URL =          "http://link.springer-ny.com/link/service/series/0558/bibs/0707/07070406.htm;
				 http://link.springer-ny.com/link/service/series/0558/papers/0707/07070406.pdf",
	acknowledgement = ack-nhfb,
}

@ONLINE{AntiPatternsCatalog,
	author = {Cunningham \& Cunningham Inc},
	title = {Anti Patterns Catalog},
	month = jun,
	year = {2013},
	howpublished  = "\url{http://c2.com/cgi/wiki?AntiPatternsCatalog}"
}

@ONLINE{GangOfFour,
	author = {Cunningham \& Cunningham Inc},
	title = {Gang Of Four},
	month = oct,
	year = {2013},
	howpublished  = "\url{http://c2.com/cgi/wiki?GangOfFour}"
}

@ONLINE{ErichGammaWikiDe,
	author = {Wikipedia},
	title = {Erich Gamma},
	month = may,
	year = {2015},
	howpublished  = "\url{https://de.wikipedia.org/wiki/Erich_Gamma}"
}

@ONLINE{ErichGammaWikiEn,
	author = {Wikipedia},
	title = {Erich Gamma},
	month = jul,
	year = {2015},
	howpublished  = "\url{https://en.wikipedia.org/wiki/Erich_Gamma}"
}

Dahl-Nygaard-Preis

@ONLINE{Dahl-Nygaard-Preis,
	author = {Wikipedia},
	title = {Dahl-Nygaard-Preis},
	month = jun,
	year = {2015},
	howpublished  = "\url{https://en.wikipedia.org/wiki/Dahl-Nygaard_Prize}"
}

